%% Obtained via the getNewBibTeX script and the SPIRES biblio service

%%%%%%%%%%%%%%%%%%%%%%%%%%%%%%%%%%%%%
% Theory References
%%%%%%%%%%%%%%%%%%%%%%%%%%%%%%%%%%%%%

% Chadwick continuos spectrum
@article{chadwick1914,
     title={The intensity distribution in the magnetic spectrum of beta particles from radium (B+ C)},
     author={Chadwick, J},
     journal={Verh. Phys. Gesell.},
     volume={16},
     pages={383--391},
     year={1914}
}

% Pauli letter
@article{pauli1930,
     title={Dear radioactive ladies and gentlemen},
     author={Pauli, Wolfgang},
     journal={Phys. Today},
     volume={31},
     pages={27},
     year={1930}
}

% Fermi beta-decay theory
@article{fermi1934,
     title={An attempt of a theory of beta radiation. 1.},
     author={Fermi, Enrico},
     journal={Z. Phys.},
     volume={88},
     number={UCRL-TRANS-726},
     pages={161--177},
     year={1934}
}

% Beta-decay very small cross-section
@article{bethe1934,
     title={The “neutrino”},
     author={Bethe, Hans and Peierls, Rudolph},
     journal={Nature},
     volume={133},
     number={3362},
     pages={532--532},
     year={1934},
     publisher={Nature Publishing Group}
}

% First neutrino detection
@article{cowan1956,
     title={F. Reines-FB Harrison-HW Kruse-AD McGuire},
     author={Cowan Jr, CL},
     journal={Detection of the free neutrino: a confirmation},
     pages={103--104},
     year={1956}
}

% Brookhaven two kinds of neutrinos
@article{danby1962,
     title={Observation of high-energy neutrino reactions and the existence of two kinds of neutrinos},
     author={Danby, Gaillard and Gaillard, Jean Maurice and Goulianos, Konstantin and Lederman, Leon M and Mistry, N and Schwartz, M and Steinberger, J},
     journal={Physical Review Letters},
     volume={9},
     number={1},
     pages={36},
     year={1962},
     publisher={APS}
}

% Gargamelle neutral-currents
@article{hasert1974,
     title={Observation of neutrino-like interactions without muon or electron in the Gargamelle neutrino experiment},
     author={Hasert, FJ and Kabe, S and Krenz, W and Von Krogh, J and Lanske, D and Morfin, J and Schultze, K and Weerts, H and Bertrand-Coremans, G and Sacton, Jean and others},
     journal={Nuclear Physics B},
     volume={73},
     number={1},
     pages={1--22},
     year={1974},
     publisher={Elsevier}
}

% Observation of the Tau neutrino
@article{Kodama2001,
     title={Observation of tau neutrino interactions},
     volume={504},
     ISSN={0370-2693},
     url={http://dx.doi.org/10.1016/S0370-2693(01)00307-0},
     DOI={10.1016/s0370-2693(01)00307-0},
     number={3},
     journal={Physics Letters B},
     publisher={Elsevier BV},
     author={Kodama, K. and Ushida, N. and Andreopoulos, C. and Saoulidou, N. and Tzanakos, G. and Yager, P. and Baller, B. and Boehnlein, D. and Freeman, W. and Lundberg, B. and et al.},
     year={2001},
     month={Apr},
     pages={218–224}
}

% Precise measurement of z-resonance for three neutrino
@article{electroweak2006,
     title={Precision electroweak measurements on the Z resonance},
     author={Electroweak, The SLD and Groups, Heavy Flavour and ALEPH Collaboration and DELPHI Collaboration and L3 Collaboration and OPAL Collaboration and SLD Collaboration and LEP Electroweak Working Group and others},
     journal={Physics Reports},
     volume={427},
     number={5-6},
     pages={257--454},
     year={2006},
     publisher={Elsevier}
}

% Homestake deficit observation
@article{davis1968,
     title={Search for neutrinos from the sun},
     author={Davis Jr, Raymond and Harmer, Don S and Hoffman, Kenneth C},
     journal={Physical Review Letters},
     volume={20},
     number={21},
     pages={1205},
     year={1968},
     publisher={APS}
}

% first SSU predictions used to compare against homestake
@article{bahcall1968,
     title={Present status of the theoretical predictions for the cl 37 solar-neutrino experiment},
     author={Bahcall, John N and Bahcall, Neta A and Shaviv, Giora},
     journal={Physical Review Letters},
     volume={20},
     number={21},
     pages={1209},
     year={1968},
     publisher={APS}
}

% Kamiokande II deficit
@article{hirata1989,
     title={Observation of b 8 solar neutrinos in the kamiokande-ii detector},
     author={Hirata, Kohji S and Kajita, Takaaki and Kifune, T and Kihara, K and Nakahata, Masayuki and Nakamura, K and Ohara, S and Oyama, Y and Sato, N and Takita, M and others},
     journal={Physical Review Letters},
     volume={63},
     number={1},
     pages={16},
     year={1989},
     publisher={APS}
}

% SAGE experiment deficit
@article{abazov1991,
     title={Search for neutrinos from the Sun using the reaction Ga 71 ($\nu$ e, e-) 71 Ge},
     author={Abazov, AI and Anosov, OL and Faizov, EL and Gavrin, VN and Kalikhov, AV and Knodel, TV and Knyshenko, II and Kornoukhov, VN and Mezentseva, SA and Mirmov, IN and others},
     journal={Physical review letters},
     volume={67},
     number={24},
     pages={3332},
     year={1991},
     publisher={APS}
}

% GALLEX experiment deficit
@article{anselmann1994,
     title={GALLEX results from the first 30 solar neutrino runs},
     author={Anselmann, Peter and Hampel, W and Heusser, G and Kiko, J and Kirsten, T and Laubenstein, M and Pernicka, E and Pezzoni, S and R{\"o}nn, U and Sann, M and others},
     journal={Physics Letters B},
     volume={327},
     number={3-4},
     pages={377--385},
     year={1994},
     publisher={Elsevier}
}

% SSM Prediction for Ga
@article{bahcall1988,
     title={Solar models, neutrino experiments, and helioseismology},
     author={Bahcall, John N and Ulrich, Roger K},
     journal={Reviews of Modern Physics},
     volume={60},
     number={2},
     pages={297},
     year={1988},
     publisher={APS}
}

% SNO oscillation measurement
@article{ahmad2002,
     title={Measurement of day and night neutrino energy spectra at SNO and constraints on neutrino mixing parameters},
     author={Ahmad, QR and Allen, RC and Andersen, TC and Anglin, JD and Barton, JC and Beier, EW and Bercovitch, M and Bigu, J and Biller, SD and Black, RA and others},
     journal={Physical Review Letters},
     volume={89},
     number={1},
     pages={011302},
     year={2002},
     publisher={APS}
}

% Atmospheric kamiokande deficit
@article{hirata1988,
     title={Experimental study of the atmospheric neutrino flux},
     author={Hirata, KS and Mann, AK and Takita, M and Frati, W and Takahashi, K and Kajita, T and Suzuki, A and Ohara, S and Van Berg, R and Frank, ED and others},
     journal={Phys. Lett.},
     volume={205},
     number={UPR-0149E},
     pages={416},
     year={1988}
}

% IMD detector atmospheric deficit
@article{becker1992,
     title={Electron-and muon-neutrino content of the atmospheric flux},
     author={Becker-Szendy, R and Bratton, CB and Casper, D and Dye, ST and Gajewski, W and Goldhaber, M and Haines, TJ and Halverson, PG and Kielczewska, D and Kropp, WR and others},
     journal={Physical Review D},
     volume={46},
     number={9},
     pages={3720},
     year={1992},
     publisher={APS}
}

% Superkamiokande direction atmospheric neutrinos
@article{kajita1999,
     title={Atmospheric neutrino results from Super-Kamiokande and Kamiokande—Evidence for $\nu$$\mu$ oscillations},
     author={Kajita, Takaaki and others},
     journal={Nuclear Physics B-Proceedings Supplements},
     volume={77},
     number={1-3},
     pages={123--132},
     year={1999},
     publisher={Elsevier}
}



@Misc{hepthesis,
     author = "Buckley, Andy",
     title  = "The hepthesis {\LaTeX} class"
}
